2180 2976
787 96 1233 153 EMBLEMATA.
1412 93 1416 96 ⁴
1729 115 1816 152 111

226 184 529 250 parfimoniii,
550 186 601 233 &
613 185 673 232 fic
685 185 739 232 in
753 186 956 245 eandem
980 187 1195 235 fraudem
1214 203 1272 234 cx
1287 185 1375 235 hac
1386 201 1437 233 re
1448 197 1590 250 atquc
1602 185 1678 234 1115
1694 187 1812 233 Inci-

228 248 365 299 dunt.
386 251 432 299 Si
450 252 732 297 enimnimis
747 252 978 298 contente
990 250 1172 299 liberos
1187 250 1394 299 habeant
1407 283 1424 306 ,
1438 266 1528 296 nec
1546 266 1600 297 ea
1614 266 1717 313 quae
1729 249 1824 297 fert

224 312 543 362 adolescentia
557 313 614 374 ijs
626 310 925 373 indulgeant,
939 326 993 360 ut
1006 313 1071 360 est
1083 317 1328 377 ingenium
1343 313 1621 370 humanum,
1636 313 1819 377 semper

223 379 441 424 nitentur
465 380 517 428 in
528 378 730 423 vetitum
746 408 761 431 ,
778 375 1040 438 omnesque
1064 388 1185 422 artes
1201 377 1502 425 advocabunt
1527 389 1578 423 ut
1592 376 1640 423 id
1656 377 1821 424 conse—

224 452 448 502 quantur.
466 441 513 487 Si
529 440 669 485 nimis
682 437 784 486 laxe
796 438 846 485 δε
859 437 1000 495 laute,
1024 437 1150 484 idem
1166 444 1271 489 erit.
1299 443 1420 487 Nam
1436 444 1515 503 qui
1532 439 1820 488 adolescenti

222 505 424 550 nimium
449 501 668 565 indulget
681 537 694 557 ,
711 500 803 548 five
818 505 1047 563 pecuniae,
1066 514 1144 546 aut
1165 501 1354 548 alterius
1367 507 1436 549 rei
1450 537 1466 558 ‚
1482 507 1519 547 is
1530 501 1821 550 febricitanti

224 565 454 614 ministrat
464 568 629 613 vinum
642 600 656 620 ,
677 563 847 612 bilioso
864 563 988 623 mel,
1004 563 1209 610 coeliacis
1227 564 1445 617 obsonia.
1456 568 1584 613 Hinc
1595 567 1823 629 Megaro-

209 678 213 681 ,
225 627 362 678 uides
375 629 518 677 senex
530 626 655 689 apud
668 627 903 684 Plautum,
1820 627 1823 629 ’

422 690 629 753 Dcdtstine
638 689 713 738 hoc
720 692 835 755 paffo
848 692 885 738 ei
892 688 1074 753 gladium
1086 690 1203 757 unb
1216 691 1428 741 occideret?

416 756 526 818 Qid
525 757 637 817 secus
651 757 800 812 efflaut
813 755 905 818 quid
918 757 1074 817 interest
1088 757 1184 803 dare
1195 769 1235 803 te
1250 759 1289 803 in
1300 772 1430 806 manus

425 828 643 883 Argentum
655 820 811 869 amanti
824 819 970 867 homini
979 820 1231 883 adolescenti,
1243 823 1364 868 animi
1375 823 1514 887 impoti

423 885 503 948 Q?
513 884 884 949 exaedtficaretfieam
897 883 1115 933 inchoatam
1126 886 1343 948 ignaviam?

213 950 376 1012 Itaque
391 961 682 1013 praeceptum
699 949 796 997 hoc
811 948 1219 1013 Philosophorum
1233 949 1312 997 hic
1333 951 1484 998 valeat
1496 986 1511 1009 ‚
1535 948 1658 1013 μῆὃεν
1681 946 1813 1014 ἄγους

218 1010 268 1057 id
284 1011 367 1068 est,
381 1029 443 1062 ne
458 1011 574 1076 quid
589 1015 803 1073 nimis,&
817 1011 991 1062 modus
1000 1016 1323 1077 teneatur‚qui
1340 1013 1406 1064 est
1414 1014 1475 1064 sal
1487 1018 1537 1065 ὃς
1549 1018 1705 1066 anima
1714 1019 1812 1066 vir-

217 1085 391 1128 tutum.

1605 1250 1808 1324 Sapien-
