2175 2986
1685 28 1708 47 θ

699 80 1152 135 EMBLEMATA.
1646 86 1728 140 '7

347 179 579 236 Perpetuam
590 172 692 219 nuHci
702 187 927 221 temeratum
943 172 1039 221 nube
1036 173 1233 232 serenum.

137 237 262 286 Nam
277 235 353 283 illa
369 235 651 298 mundipars
668 237 944 299 superior&
962 235 1266 290 ordinatior,
1284 236 1433 281 necin
1452 232 1626 280 nubem
1642 248 1723 279 co—

139 303 269 362 gitur
284 335 297 356 ‚
313 315 401 346 nec
425 301 472 343 in
490 299 816 361 tempestatem
833 301 1105 361 impellitur.
1134 297 1320 345 Eodem
1336 297 1489 344 modo
1514 296 1718 343 sublimis

138 363 218 410 ille
231 365 620 422 animus‚quietus
635 361 817 424 semper
831 365 879 408 δε
898 367 946 407 in
961 361 1161 407 statione
1176 360 1427 422 tranquilla
1441 360 1720 414 collocatuS,

142 423 382 473 modestus
407 423 687 470 venerabilis
714 428 764 471 δε
787 422 1075 486 compofitus
1101 422 1180 470 est.
1213 426 1373 469 Venio
1391 422 1445 469 ad
1473 425 1718 470 Honores:
1738 432 1889 481 H-onores

143 504 266 551 quos
283 490 422 550 quam
439 485 573 534 facile
587 487 638 536 fit
663 489 873 550 Sapienti
900 500 1210 533 contemnere
1231 484 1420 532 testatus
1449 485 1513 531 est
1536 488 1720 549 Dioge·
1739 482 1940 509 emmam*

140 567 224 598 nes
241 586 254 606 ,
269 554 350 612 qui
363 552 523 598 maluit
534 555 583 597 in
598 549 733 598 dolio
758 551 840 598 suo
854 549 1056 597 volutari
1072 551 1211 611 quam
1223 547 1493 595 Alexander
1508 548 1614 596 effe:
1630 553 1724 598 Sci—

138 617 208 662 vit
224 613 414 668 scilicetj

341 682 516 740 Regnum
528 680 578 728 (θ’
590 677 785 724 Diadema
801 690 927 725 tutum

143 740 289 789 solam
303 738 489 789 deferre
504 744 723 788 virtutem
732 762 744 794 ,-

344 809 470 867 Qum
481 819 609 853 tamen
622 807 783 852 invitam
796 805 938 854 blande·
951 805 1115 867 vestigat
1128 839 1142 862 ,
1159 809 1207 856 ἐφ
1217 805 1322 853 ultrb
1740 824 1856 863 cuna⁴

351 869 486 917 Ambit
497 869 616 916 honos
634 904 646 926 ‚
657 868 792 916 docuit
808 872 927 918 toties
938 870 962 916 ὰ
979 887 1066 917 rure
1079 871 1267 933 profeffus

353 936 501 990 Liuor,
517 938 565 983 ἐφ’
576 934 616 979 in
630 935 718 980 med
718 935 762 993 iis
774 933 914 995 Consul
924 935 1087 996 quaefitus
1100 936 1263 982 aratris.

143 999 370 1060 Denique
384 996 539 1060 (quod
549 996 661 1043 fons
677 999 739 1043 est
754 998 1079 1054 Emblematis)
1107 999 1373 1059 Sapientem
1389 995 1476 1044 eil-'e
1490 1008 1647 1043 totum
1661 1010 1719 1040 ex
1738 1017 1786 1048 Ex
1795 1015 1826 1047 se
1837 1027 1917 1058 penq

145 1062 190 1108 se
203 1074 381 1123 aptum,
395 1077 452 1106 ex
466 1061 508 1106 se
524 1059 836 1122 pendentem,
852 1062 900 1106 ὃς
912 1060 1044 1122 supra
1055 1062 1312 1106 Fortunam
1332 1080 1349 1113 ‚-
1364 1063 1521 1122 paucis
1536 1075 1628 1122 pro
1643 1074 1720 1105 me
1737 1056 1832 1095 dens.

148 1123 344 1172 docebit
353 1124 620 1186 Epictetus:
641 1126 768 1170 Sicut
778 1126 992 1184 Iuppiter
1005 1122 1156 1169 secum
1173 1123 1238 1169 est
1256 1136 1396 1184 atque
1409 1126 1506 1184 agit
1518 1158 1531 1178 ,
1548 1124 1662 1168 &in
1677 1120 1721 1168 se

147 1187 396 1249 acquiescit
408 1223 421 1243 ‚
433 1185 698 1248 fruiturque
713 1184 1082 1247 cogitationibus
1110 1184 1153 1229 se
1169 1183 1324 1247 dignis
1343 1202 1355 1230 ε
1375 1187 1448 1231 Sic
1465 1188 1515 1231 &
1528 1187 1724 1247 Sapiens

148 1250 229 1296 fibi
243 1249 339 1313 ipse
352 1249 523 1296 sufficit
537 1250 586 1295 δε
603 1248 756 1296 seeum
784 1247 872 1295 esse
886 1247 1042 1309 potest
1053 1283 1065 1302 ‚
1086 1245 1351 1311 fruiturque
1374 1252 1571 1309 puriore
1585 1246 1662 1296 illa
1676 1248 1727 1292 δε

146 1313 418 1360 sublimiore
434 1311 746 1358 meditatione
763 1331 774 1364 3
794 1310 886 1373 qui
907 1309 1148 1357 foelicitate
1176 1309 1453 1364 (secundum
1477 1313 1726 1368 Senecam)

151 1376 278 1424 nulla
289 1378 401 1423 Deo
419 1375 483 1422 est
496 1379 716 1438 propior.
742 1374 895 1421 Porro
908 1389 1014 1420 cum
1026 1389 1137 1420 vera
1148 1376 1506 1437 magnanimitas
1519 1387 1660 1437 atque
1672 1373 1728 1419 li-

122 1479 124 1482 ,
151 1440 303 1487 bertas
318 1437 494 1485 duabus
507 1438 798 1499 potiffimum
813 1436 953 1484 rebus
968 1436 1221 1490 constet3in
1237 1437 1605 1485 contemnendis
1618 1453 1727 1485 cum

152 1502 387 1566 prosperis
413 1515 511 1548 turn
526 1500 722 1549 adversis
739 1521 752 1555 ‚-
771 1503 872 1564 quis
888 1500 984 1548 hoc
998 1500 1163 1546 melius
1185 1501 1342 1564 potest
1356 1503 1496 1564 qu‘am
1510 1500 1730 1563 Sapiens?

153 1570 400 1628 quitotum
411 1568 632 1613 Fortunae
643 1580 843 1628 regnum
866 1563 1060 1626 despicit
1077 1599 1091 1620 ‚
1104 1565 1153 1610 &
1167 1568 1383 1611 animose
1398 1581 1505 1612 cum
1520 1567 1727 1611 Horatio

155 1628 397 1682 exclamat3
413 1631 675 1676 Fortunam

359 1692 498 1738 Laudo
513 1705 742 1748 manentem,
743 1693 784 1754 fi
792 1692 930 1739 celeres
945 1694 1072 1754 quatit

359 1765 501 1803 Pennas
505 1775 518 1808 ,-
535 1756 678 1818 rqfigno
689 1774 768 1818 qua·
780 1758 909 1811 dedit,
922 1759 970 1805 ἴθ’
981 1759 1061 1800 med

413 1821 566 1867 Virtute
578 1836 635 1865 me
650 1819 800 1867 involvo
816 1855 830 1876 ,
843 1819 1075 1883 probamque

469 1884 776 1946 Pauperiemfine
789 1884 881 1930 dote
891 1899 1031 1946 quaro.

156 1950 419 1998 Habeamus
448 1962 614 2010 aquam
631 1949 680 1992 δε
693 1948 938 2009 polentam
957 1982 970 2003 ‚
983 1949 1031 1993 δε
1047 1948 1153 1993 Iovi
1166 1946 1246 2009 ipsi
1274 1947 1333 1993 de
1356 1946 1600 1993 foelicitate
1626 1960 1730 1994 mo-
1748 1955 1878 1988 Seneca·

156 2029 345 2063 veamus
361 2009 750 2059 controversiam.
765 2012 869 2073 Age
883 2026 1012 2057 nune

360 2076 499 2123 saeviat
520 2086 633 2135 atque
645 2089 761 2121 novos
772 2088 922 2121 moveat
935 2081 1108 2121 Fortuna
1117 2073 1315 2131 tumultus,

362 2145 557 2200 Qantum
569 2137 653 2183 hinc
666 2140 880 2185 imminuet?

159 2207 204 2251 O
222 2219 383 2249 muros
398 2218 520 2265 quos
537 2199 882 2248 construendos
899 2203 947 2245 in
961 2203 1106 2247 animi
1127 2199 1272 2247 nostri
1288 2201 1485 2248 sensibus
1503 2201 1732 2250 monebat

157 2265 459 2314 Antisthenes
474 2264 598 2312 nulla
612 2267 657 2311 vi
676 2263 1032 2326 expugnabiles.
1058 2265 1220 2326 Qam
1234 2265 1323 2311 alta
1340 2264 1415 2312 hie
1432 2264 1543 2320 (fine
1561 2265 1653 2327 qua
1667 2267 1736 2309 ni-

157 2331 223 2377 hil
239 2329 392 2385 dulce)
414 2327 651 2375 securitas?
669 2328 891 2387 Qantus
905 2324 981 2373 hic
992 2326 1233 2375 tollendus
1249 2327 1556 2390 risus,quanta
1566 2329 1736 2389 volup-

156 2407 253 2440 tate
285 2391 556 2454 implendus
580 2394 761 2437 animus
779 2407 835 2436 ex
852 2389 939 2437 hac
967 2389 1177 2446 sublimi,
1194 2394 1243 2437 ὃς
1259 2392 1361 2438 tuta
1389 2408 1494 2439 arce
1513 2404 1729 2439 contem-

160 2458 389 2520 plantium
403 2455 603 2503 aliorum
622 2469 826 2510 errores,
842 2453 964 2500 suam
983 2451 1136 2501 autem
1154 2458 1381 2516 quietem.

372 2523 463 2565 Non
476 2520 565 2583 quia
573 2519 708 2566 vexari
730 2534 949 2584 quemquam
961 2516 1190 2579 estjucunda
1203 2517 1377 2580 voluptas
1715 2579 1743 2627 d
1759 2532 1889 2571 tuerer,

1667 2588 1713 2627 Se
