2175 2986
393 161 456 203 30
702 143 1083 197 FLORENTH
1142 143 1645 198 Senoownovn

389 234 534 280 santia
547 231 769 290 statim,&
783 235 1240 301 juventa‚omnisque
1255 250 1361 285 aetas
1376 234 1509 285 ferat.
1526 235 1688 297 Agunt
1703 248 1821 297 opus
1837 231 1983 294 suum·

390 297 644 353 fata‚nobis
661 299 839 346 sensum
857 299 1024 347 nostrae
1036 305 1165 348 necis
1183 301 1619 363 auferunt,qu0que
1633 295 1813 345 facilius
1831 296 1970 344 obre-

393 376 477 425 pat
492 376 642 419 mors,
654 362 733 409 sub
748 364 849 425 ipso
863 366 967 410 vitae
984 366 1317 413 nominelatet.

602 427 812 489 Nascentes
825 429 1020 482 morimur,
1021 428 1184 490 finifique
1194 428 1243 475 ab
1252 430 1399 490 origine
1408 401 1566 492 pende-t.

172 504 342 546 Tragicos.
395 493 455 537 Et
466 489 622 536 Prima
637 507 739 554 quae
752 493 897 536 vitam
924 489 1054 537 dedit
1069 491 1206 548 hora,
1223 491 1384 554 carpsit
1401 524 1413 545 ‚
1428 493 1538 537 Haec
1554 504 1700 554 quum
1713 491 1776 536 ita
1786 485 1877 535 sese
1892 484 1979 534 hass

180 883 262 919 Stat.

195 1848 330 1880 Petron.

400 553 543 600 beant
559 588 573 611 ,
589 568 735 615 quum
762 554 992 600 tantulum
1015 553 1067 599 sit
1083 550 1215 615 quod
1230 559 1431 602 vivimus
1447 588 1461 609 ‚
1477 555 1663 617 quantis
1687 566 1844 599 tamen
1859 547 1977 596 illud

399 617 801 679 circumscriptum
831 616 895 663 est
911 633 966 662 an
972 617 1127 678 gustijs
1146 625 1159 656 ἓ
1179 620 1406 665 Sexcenta
1421 616 1649 663 morborfi
1672 629 1845 679 genera
1859 628 1980 674 quo-

401 679 518 726 tidie
542 679 762 727 infestant
776 715 790 736 ‚
808 696 896 726 nec
908 682 1157 741 pauciores
1172 685 1409 743 impetunt
1426 679 1548 726 casus
1563 715 1576 737 ‚
1593 681 1644 726 &
1659 682 1819 733 ruinae,
1833 690 1979 722 vene-

406 759 465 788 na
480 777 493 797 ,
510 741 805 807 naufragium
820 778 833 799 ,
845 741 992 805 lapsus
1007 777 1021 799 ‚
1043 741 1224 791 fulmen
1238 780 1252 801 ,
1270 746 1318 790 &
1335 741 1451 806 quid
1467 759 1570 792 non
1587 742 1608 785 ἶ
1629 744 1710 790 Ait
1729 757 1830 789 non
1843 736 1978 785 falsus

407 808 568 863 Vates,

614 870 720 932 Qid
730 870 897 931 crastina
911 869 1072 917 volverit
1085 882 1175 918 aetas

612 936 719 982 Scire
735 935 844 995 nefas
858 933 1022 983 homini.

409 1000 469 1046 Et
481 1000 764 1059 Lyricorum
777 998 1022 1058 PrincepS,

615 1059 722 1122 Qid
721 1060 778 1123 fit
784 1060 969 1123 futurum
980 1077 1169 1127 nunquam
1181 1058 1325 1107 homini
1336 1061 1436 1123 finis

615 1132 784 1173 Cautum
797 1125 850 1186 cst
863 1126 903 1170 in
915 1124 1048 1182 horas,
1063 1127 1211 1172 Navita
1226 1125 1452 1187 Bqsphorum

685 1196 816 1237 Paenus
823 1204 893 1250 per
905 1187 1088 1251 homst-it
1103 1224 1118 1246 ,
1131 1205 1246 1251 neque
1257 1189 1364 1236 ultra*

748 1260 862 1299 Coeca
883 1255 995 1299 timet
1009 1252 1165 1300 aliunde
1177 1251 1292 1314 fata,

620 1316 928 1379 Milesfhgittas,
942 1319 992 1366 (9·
1002 1316 1303 1379 celeremfugam

622 1380 765 1429 Parthi
779 1416 793 1437 ,
795 1382 969 1444 sagittas
985 1381 1149 1428 Parthus
1166 1416 1181 1438 ,
1194 1384 1243 1430 ἐφ’
1267 1380 1413 1429 Italum

690 1445 823 1492 Robur
839 1479 851 1500 ‚
859 1445 930 1506 fied
939 1447 1144 1509 improvisa
1156 1444 1254 1492 lethi

749 1511 813 1558 Vis
826 1511 954 1573 rapuit
970 1543 984 1566 ,
995 1511 1191 1574 rapietque
1198 1522 1351 1571 gentes.

418 1576 575 1622 Alium
592 1576 714 1621 acini
725 1589 924 1637 granum
942 1573 1242 1635 glutientem‚
1254 1572 1533 1620 suffocatur-n
1546 1574 1821 1637 accipimus3
1835 1574 1995 1622 Alium

416 1651 563 1701 potus
579 1652 686 1684 cum
701 1637 819 1685 laete
834 1635 955 1699 pilus
968 1636 1284 1699 strangulavit.
1302 1637 1440 1686 Illum
1452 1637 1713 1685 Bellantem
1731 1654 1858 1684 arma
1869 1637 1997 1685 deci·

416 1706 573 1762 piunt.
597 1702 735 1748 Illum
747 1702 850 1762 Dijs
866 1712 980 1747 vota
991 1698 1273 1747 reddentem
1286 1700 1514 1747 Penatum
1526 1699 1712 1748 suorum
1725 1704 1858 1748 ruina
1871 1701 2000 1763 sepe-

422 1765 478 1812 lit
494 1801 508 1821 2
519 1765 596 1811 ille
609 1764 831 1811 vehiculo
846 1762 993 1826 lapsus
1008 1776 1343 1825 properantem
1355 1763 1567 1826 spiritum
1580 1764 1786 1812 excuffit.
1815 1767 1861 1813 Si
1874 1763 2005 1810 bene'

427 1828 654 1875 calculum
675 1842 827 1890 ponas
844 1846 857 1880 ,-
872 1826 1049 1888 ubique
1074 1842 1205 1874 mors
1229 1826 1398 1889 praesto
1424 1826 1506 1874 est.
1537 1830 1597 1874 Et
1621 1840 1782 1875 tamen
1797 1844 1888 1875 nos
1900 1826 1999 1875 hoc

426 1891 597 1937 animal
614 1891 782 1945 sumus,
797 1889 929 1951 quod
940 1902 1098 1938 tantos
1113 1891 1308 1938 molitur
1318 1892 1545 1937 tumultus
1563 1925 1576 1947 ,
1590 1891 1804 1954 cu'usque
1820 1889 2002 1955 cupidi·

423 1954 595 2001 tatibus
610 1953 687 2000 hic
702 1952 831 2000 orbis
845 1969 901 1998 an
906 1952 1157 2015 gustus.Cu
1155 1954 1232 2013 jus
1246 1957 1314 2000 rei
1330 1953 1539 2000 clm-iffim
1547 1971 1623 2000 um
1637 1908 1874 2017 specimen
1884 1969 2002 2017 prae-

428 2017 530 2064 buit
542 2015 814 2064 Alexander
828 2050 842 2072 ‚
860 2019 942 2077 qui
965 2014 1261 2079 Philosopho
1280 2015 1489 2078 quodam
1515 2015 1573 2063 de
1585 2017 1795 2080 pluribus
1810 2015 2004 2073 mundis

433 2079 682 2127 differente
693 2077 892 2142 plorafl'e
907 2077 1094 2136 dicitur,
1113 2095 1174 2141 qu
1182 2078 1245 2127 od
1259 2095 1406 2126 unum
1416 2091 1600 2126 tantum
1614 2079 1877 2142 subegiffet,
1890 2082 2002 2143 eoq3

427 2143 612 2189 insaniae
623 2142 814 2189 tandem
830 2141 1092 2199 devenit‚ut
1102 2145 1234 2190 Deus
1247 2142 1468 2205 appellari
1477 2143 1749 2201 voluerit‚O
1761 2143 2010 2208 turgidum

429 2210 665 2269 putrentis
682 2209 858 2253 vermis
872 2219 1040 2252 votum
1054 2241 1067 2263 ‚
1081 2205 1312 2253 nesciebat
1329 2206 1500 2252 scilicet
1515 2205 1557 2252 se
1572 2205 1751 2268 sperma
1764 2205 2004 2262 foetidum,

430 2270 607 2316 sacrum
620 2269 898 2323 stercorum,
913 2270 1083 2316 animal
1096 2269 1302 2332 denique
1318 2268 1406 2317 effe
1419 2269 1622 2332 ὖμεςᾶβιον
1635 2306 1648 2325 ,
1668 2273 1743 2317 cui
1752 2274 1857 2319 vitae
1873 2287 2008 2318 men·

436 2332 535 2379 sura
548 2332 664 2380 dies,
683 2331 774 2378 Sed
789 2331 899 2394 quid
917 2331 1072 2379 hocin
1086 2331 1360 2381 Alexandro
1372 2332 1638 2380 Monarcha
1653 2337 1802 2381 totius
1817 2338 2009 2382 univer-

437 2396 468 2443 fi
483 2400 705 2442 miramur
719 2394 738 2436 ?
752 2396 876 2442 Cum
903 2398 1028 2442 inter
1040 2408 1115 2442 tot
1128 2397 1349 2443 Fortunae
1367 2395 1589 2458 obsequia
1612 2411 1775 2458 parum
1790 2396 1941 2444 sobria
1955 2395 2008 2442 fit

441 2458 730 2507 mortalitas?
744 2461 800 2505 In
814 2474 904 2504 nos
930 2457 1263 2505 descendamus
1282 2492 1296 2515 ,
1309 2459 1436 2505 idem
1462 2461 1511 2505 δε
1538 2459 1676 2506 nobis
1706 2459 1851 2521 objici
1873 2458 2008 2523 poffe

439 2525 806 2584 comperiemus.
835 2522 1034 2583 Qanto
1047 2520 1221 2580 studio,
1236 2520 1502 2584 quantaque
1519 2527 1833 2573 contentione
1848 2522 2014 2569 miselli

441 2586 795 2635 homunciones
814 2584 1059 2634 honori&
1073 2584 1324 2651 ambitioni
1336 2584 1651 2635 velificamur?
1673 2588 1811 2649 quam
1823 2586 2010 2634 solliciti

1833 2653 1883 2697 in
1895 2652 1953 2697 tit
1959 2666 2012 2716 U:
